\usepackage{url}

@INPROCEEDINGS{7996966,  author={T. {Kumar} and A. {Braeken} and M. {Liyanage} and M. {Ylianttila}},  booktitle={2017 IEEE International Conference on Communications (ICC)},   title={Identity privacy preserving biometric based authentication scheme for Naked healthcare environment},   year={2017},  volume={},  number={},  pages={1-7},  doi={10.1109/ICC.2017.7996966}}

@inproceedings{Peterson2016ABA,
  title={A Blockchain-Based Approach to Health Information Exchange Networks},
  author={Kevin J. Peterson and Rammohan Deeduvanu and Pradip Kanjamala and K. Mayo},
  year={2016}
}

@INPROCEEDINGS{8531136,
  author={T. {Kumar} and V. {Ramani} and I. {Ahmad} and A. {Braeken} and E. {Harjula} and M. {Ylianttila}},
  booktitle={2018 IEEE 20th International Conference on e-Health Networking, Applications and Services (Healthcom)}, 
  title={Blockchain Utilization in Healthcare: Key Requirements and Challenges}, 
  year={2018},
  volume={},
  number={},
  pages={1-7},
  doi={10.1109/HealthCom.2018.8531136}}

@inproceedings{blockchain,
  title={{Applications of blockchain in ensuring the security and privacy of electronic health record systems: A survey}},
  author={Shuyun Shi, Debiao He, Neeraj Kumar, Muhammad Khurram Khan, and Kim-Kwang Raymond Choof},
  year={2020},
  organization={NCBI},
  doi={10.1016/j.cose.2020.101966}
}

@misc{potential,
title = {{The Potential for Blockchain to Transform Electronic Health Records}},
author={John D. Halamka, Andrew Lippman, and Ariel Ekblaw},
howpublished = "\url{https://hbr.org/2017/03/the-potential-for-blockchain-to-transform-electronic-health-records}",
note = "[accessed 27.03.21]"
}

@inproceedings{blockStructure,
  title={{Blockchain for Dynamic Spectrum Management}},
  author={Ying-Chang Liang},
  booktitle={Dynamic Spectrum Management, Signals and Communication},
  year={2020},
  organization={Research Gate},
  doi = {10.1007/978-981-15-0776-2_5}
}

@misc{history,
  title={{Blockchain Before Bitcoin: A History}},
  author={Dr. Stefan Beyer},
howpublished = "\url{https://blocktelegraph.io/blockchain-before-bitcoin-history/}",
note = "[accessed 27.03.21]"
}

@inproceedings{EHR,
  title={{ACTION-EHR: Patient-Centric Blockchain-Based Electronic Health Record Data Management for Cancer Care}},
  author={Alevtina Dubovitskaya, Furqan Baig, Zhigang Xu, Rohit Shukla,  Pratik Sushil Zambani, Arun Swaminathan, Md Majid Jahangir, Khadija Chowdhry,Rahul Lachhani, Nitesh Idnani, Michael Schumacher, Karl Aberer, Scott D Stoller, Samuel Ryu, and Fusheng Wang},
  year={2019},
  organization={NCBI},
  doi={10.2196/13598}
}

@misc{raft,
  title={{Detail Analysis of Raft & its implementation in Hyperledger Fabric}},
  author={Shyam Pratap Singh},
howpublished = "\url{https://medium.com/coinmonks/detail-analysis-of-raft-its-implementation-in-hyperledger-fabric-d269367a79c0}",
note = "[accessed 27.03.21]"
}

@inproceedings{download-fabric-samples,
  title={{Download fabric samples procedure}},
  author={},
  url={https://hyperledger-fabric.readthedocs.io/en/release-2.2/test_network.html#before-you-begin},
  year={}
}

@inproceedings{prerequisites,
  title={{Prerequisites before start test network of hyperledger fabric}},
  author={},
  url={https://hyperledger-fabric.readthedocs.io/en/release-2.2/prereqs.html#prerequisites},
  year={}
}

@inproceedings{nodejs-reencryption-libraries,
  title={{Libraries in nodejs for re-encryption}},
  author={},
  url={https://github.com/topics/proxy-re-encryption?l=javascript}
}

@misc{Smart-Contracts-Chaincode,
title = {{Smart Contracts and Chaincode}},
howpublished = "\url{https://hyperledger-fabric.readthedocs.io/en/release-2.2/smartcontract/smartcontract.html}",
note = "[Accessed 27.03.2021]"
}

@misc{Policies,
title = {{Policies}},
howpublished = "\url{https://hyperledger-fabric.readthedocs.io/en/release-2.2/policies/policies.html?highlight=endorsement}",
note = "[Accessed 27.03.2021]"
}

@misc{Ledger,
title = {{Ledger}},
howpublished = "\url{https://hyperledger-fabric.readthedocs.io/en/release-2.2/ledger/ledger.html}",
note = "[Accessed 27.03.2021]"
}

@misc{Identity,
title = {{Identity}},
howpublished = "\url{https://hyperledger-fabric.readthedocs.io/en/release-2.2/identity/identity.html}",
note = "[Accessed 27.03.2021]"
}

@misc{MSP,
title = {{Membership Service Provider (MSP)}},
howpublished = "\url{https://hyperledger-fabric.readthedocs.io/en/release-2.2/membership/membership.html}",
note = "[Accessed 27.03.2021]"
}

@misc{Cryptogen,
title = {{Cryptogen}},
howpublished = "\url{https://hyperledger-fabric.readthedocs.io/en/release-2.2/commands/cryptogen.html?highlight=cryptogen}",
note = "[Accessed 27.03.2021]"
}

@misc{Private data,
title = {{Private data}},
howpublished = "\url{https://hyperledger-fabric.readthedocs.io/en/release-2.2/private-data/private-data.html}",
note = "[Accessed 27.03.2021]"
}

@misc{fabric-sdk-node,
title = {{Hyperledger Fabric SDK for Node.js}},
howpublished = "\url{https://hyperledger.github.io/fabric-sdk-node/release-2.2/module-fabric-network.html}",
note = "[Accessed 27.03.2021]"
}




@article{parane2020p,
  title={{P-NoC: Performance Evaluation and Design Space Exploration of NoCs for Chip Multiprocessor Architecture Using FPGA}},
  author={Parane, Khyamling and Prasad, BM Prabhu and Talawar, Basavaraj},
  journal={Wireless Personal Communications},
  pages={1--25},
  year={2020},
  publisher={Springer},
  doi = {10.1007/s11277-020-07529-2}
}

@article{Beck,
author = {Beck, Roman},
year = {2018},
month = {02},
pages = {54-58},
title = {Beyond Bitcoin: The Rise of Blockchain World},
volume = {51},
journal = {Computer},
doi = {10.1109/MC.2018.1451660}
}






%%%%%%%%%%%%%%%%%%%%%%%%%%%%%%%%%%%%%


@Comment{jabref-meta: databaseType:bibtex;}
