\usepackage{url}

@INPROCEEDINGS{7996966,  author={T. {Kumar} and A. {Braeken} and M. {Liyanage} and M. {Ylianttila}},  booktitle={2017 IEEE International Conference on Communications (ICC)},   title={Identity privacy preserving biometric based authentication scheme for Naked healthcare environment},   year={2017},  volume={},  number={},  pages={1-7},  doi={10.1109/ICC.2017.7996966}}

@inproceedings{Peterson2016ABA,
  title={A Blockchain-Based Approach to Health Information Exchange Networks},
  author={Kevin J. Peterson and Rammohan Deeduvanu and Pradip Kanjamala and K. Mayo},
  year={2016}
}

@INPROCEEDINGS{8531136,
  author={T. {Kumar} and V. {Ramani} and I. {Ahmad} and A. {Braeken} and E. {Harjula} and M. {Ylianttila}},
  booktitle={2018 IEEE 20th International Conference on e-Health Networking, Applications and Services (Healthcom)}, 
  title={Blockchain Utilization in Healthcare: Key Requirements and Challenges}, 
  year={2018},
  volume={},
  number={},
  pages={1-7},
  doi={10.1109/HealthCom.2018.8531136}}

@inproceedings{blockchain,
  title={{Applications of blockchain in ensuring the security and privacy of electronic health record systems: A survey}},
  author={Shuyun Shi, Debiao He, Neeraj Kumar, Muhammad Khurram Khan, and Kim-Kwang Raymond Choof},
  year={2020},
  organization={NCBI},
  doi={10.1016/j.cose.2020.101966}
}

@misc{potential,
title = {{The Potential for Blockchain to Transform Electronic Health Records}},
author={John D. Halamka, Andrew Lippman, and Ariel Ekblaw},
howpublished = "\url{https://hbr.org/2017/03/the-potential-for-blockchain-to-transform-electronic-health-records}",
note = "[accessed 27.03.21]"
}

@inproceedings{blockStructure,
  title={{Blockchain for Dynamic Spectrum Management}},
  author={Ying-Chang Liang},
  booktitle={Dynamic Spectrum Management, Signals and Communication},
  year={2020},
  organization={Research Gate},
  doi = {10.1007/978-981-15-0776-2_5}
}

@misc{history,
  title={{Blockchain Before Bitcoin: A History}},
  author={Dr. Stefan Beyer},
howpublished = "\url{https://blocktelegraph.io/blockchain-before-bitcoin-history/}",
note = "[accessed 27.03.21]"
}

@inproceedings{EHR,
  title={{ACTION-EHR: Patient-Centric Blockchain-Based Electronic Health Record Data Management for Cancer Care}},
  author={Alevtina Dubovitskaya, Furqan Baig, Zhigang Xu, Rohit Shukla,  Pratik Sushil Zambani, Arun Swaminathan, Md Majid Jahangir, Khadija Chowdhry,Rahul Lachhani, Nitesh Idnani, Michael Schumacher, Karl Aberer, Scott D Stoller, Samuel Ryu, and Fusheng Wang},
  year={2019},
  organization={NCBI},
  doi={10.2196/13598}
}

@misc{raft,
  title={{Detail Analysis of Raft & its implementation in Hyperledger Fabric}},
  author={Shyam Pratap Singh},
howpublished = "\url{https://medium.com/coinmonks/detail-analysis-of-raft-its-implementation-in-hyperledger-fabric-d269367a79c0}",
note = "[accessed 27.03.21]"
}

@inproceedings{download-fabric-samples,
  title={{Download fabric samples procedure}},
  author={},
  url={https://hyperledger-fabric.readthedocs.io/en/release-2.2/test_network.html#before-you-begin},
  year={}
}

@inproceedings{prerequisites,
  title={{Prerequisites before start test network of hyperledger fabric}},
  author={},
  url={https://hyperledger-fabric.readthedocs.io/en/release-2.2/prereqs.html#prerequisites},
  year={}
}

@inproceedings{nodejs-reencryption-libraries,
  title={{Libraries in nodejs for re-encryption}},
  author={},
  url={https://github.com/topics/proxy-re-encryption?l=javascript}
}

@misc{Smart-Contracts-Chaincode,
title = {{Smart Contracts and Chaincode}},
howpublished = "\url{https://hyperledger-fabric.readthedocs.io/en/release-2.2/smartcontract/smartcontract.html}",
note = "[Accessed 27.03.2021]"
}

@misc{Policies,
title = {{Policies}},
howpublished = "\url{https://hyperledger-fabric.readthedocs.io/en/release-2.2/policies/policies.html?highlight=endorsement}",
note = "[Accessed 27.03.2021]"
}

@misc{Ledger,
title = {{Ledger}},
howpublished = "\url{https://hyperledger-fabric.readthedocs.io/en/release-2.2/ledger/ledger.html}",
note = "[Accessed 27.03.2021]"
}

@misc{Identity,
title = {{Identity}},
howpublished = "\url{https://hyperledger-fabric.readthedocs.io/en/release-2.2/identity/identity.html}",
note = "[Accessed 27.03.2021]"
}

@misc{MSP,
title = {{Membership Service Provider (MSP)}},
howpublished = "\url{https://hyperledger-fabric.readthedocs.io/en/release-2.2/membership/membership.html}",
note = "[Accessed 27.03.2021]"
}

@misc{Cryptogen,
title = {{Cryptogen}},
howpublished = "\url{https://hyperledger-fabric.readthedocs.io/en/release-2.2/commands/cryptogen.html?highlight=cryptogen}",
note = "[Accessed 27.03.2021]"
}

@misc{Privatedata,
title = {{Private data}},
howpublished = "\url{https://hyperledger-fabric.readthedocs.io/en/release-2.2/private-data/private-data.html}",
note = "[Accessed 27.03.2021]"
}

@misc{fabric-sdk-node,
title = {{Hyperledger Fabric SDK for Node.js}},
howpublished = "\url{https://hyperledger.github.io/fabric-sdk-node/release-2.2/module-fabric-network.html}",
note = "[Accessed 27.03.2021]"
}

@misc{fabric-sdk-node,
title = {{Hyperledger Fabric SDK for Node.js}},
howpublished = "\url{https://hyperledger.github.io/fabric-sdk-node/release-2.2/module-fabric-network.html}",
note = "[Accessed 27.03.2021]"
}

@misc{jira-548,
title = {{fabric-ca should need a way to add new hf.Registrar.(Delagate)Roles}},
howpublished = "\url{https://jira.hyperledger.org/browse/FABC-548}",
note = "[Accessed 28/03/2020]"
}

@misc{hyperledgertypes,
title = {{Different Types of Hyperledger Technologies}},
howpublished = "\url{https://medium.com/@vinshublockcluster/different-types-of-hyperledger-technologies-929a67c98c32}",
note = "[Accessed 27.03.2021]"
}


@misc{jira-5094,
title = {{Query history of private data - by key, block, or transaction id}},
howpublished = "\url{https://jira.hyperledger.org/browse/FABC-5094}",
note = "[Accessed 28/03/2020]"
}

@article{Beck,
author = {Beck, Roman},
year = {2018},
month = {02},
pages = {54-58},
title = {Beyond Bitcoin: The Rise of Blockchain World},
volume = {51},
journal = {Computer},
doi = {10.1109/MC.2018.1451660}
}

@article{Tith2020,
  doi = {10.4258/hir.2020.26.1.3},
  url = {https://doi.org/10.4258/hir.2020.26.1.3},
  year = {2020},
  publisher = {The Korean Society of Medical Informatics},
  volume = {26},
  number = {1},
  pages = {3},
  author = {Dara Tith and Joong-Sun Lee and Hiroyuki Suzuki and W. M. A. B. Wijesundara and Naoko Taira and Takashi Obi and Nagaaki Ohyama},
  title = {Application of Blockchain to Maintaining Patient Records in Electronic Health Record for Enhanced Privacy,  Scalability,  and Availability},
  journal = {Healthcare Informatics Research}
}

@article{Dubovitskaya2020,
  doi = {10.2196/13598},
  url = {https://doi.org/10.2196/13598},
  year = {2020},
  month = aug,
  publisher = {{JMIR} Publications Inc.},
  volume = {22},
  number = {8},
  pages = {e13598},
  author = {Alevtina Dubovitskaya and Furqan Baig and Zhigang Xu and Rohit Shukla and Pratik Sushil Zambani and Arun Swaminathan and Md Majid Jahangir and Khadija Chowdhry and Rahul Lachhani and Nitesh Idnani and Michael Schumacher and Karl Aberer and Scott D Stoller and Samuel Ryu and Fusheng Wang},
  title = {{ACTION}-{EHR}: Patient-Centric Blockchain-Based Electronic Health Record Data Management for Cancer Care},
  journal = {Journal of Medical Internet Research}
}

@article{Tanwar2020,
  doi = {10.1016/j.jisa.2019.102407},
  url = {https://doi.org/10.1016/j.jisa.2019.102407},
  year = {2020},
  month = feb,
  publisher = {Elsevier {BV}},
  volume = {50},
  pages = {102407},
  author = {Sudeep Tanwar and Karan Parekh and Richard Evans},
  title = {Blockchain-based electronic healthcare record system for healthcare 4.0 applications},
  journal = {Journal of Information Security and Applications}

@misc{hyperledgertypes,
title = {{Different Types of Hyperledger Technologies}},
howpublished = "\url{https://medium.com/@vinshublockcluster/different-types-of-hyperledger-technologies-929a67c98c32}",
note = "[Accessed 27.03.2021]"
}


%%%%%%%%%%%%%%%%%%%%%%%%%%%%%%%%%%%%%


@Comment{jabref-meta: databaseType:bibtex;}
